@phdthesis{saren,
title = {The ion-optical design of the MARA recoil
separator and absolute transmission
measurements of the RITU gas-filled recoil
separator},
school = {University of Jyväskylä},
year = {2011},
author = {J.~Sarén}
},

@Misc{beams,
    title = "\textsc{ECR} beam database",
    howpublished = {\url{http://users.jyu.fi/~japelaul/ecr_beam_database/toe.php}},
    author = "H. Koivisto and others",
},

@Misc{srim,
    title =    {Stopping and Range of Ions in Matter},
    howpublished = {\url{http://srim.org}},
},

@article{grain,
journal = {Nucl. Instr. and Meth. A},
volume = {595},
pages = {637-642},
year = {2008},author = {P. Rahkila}
},

@book{alphas,
      title     = "Table of Isotopes: 1999 Update",
      author    = "R.B. Firestone",
      year      = 1999,
      publisher = "John Wiley \& Sons",
      edition   = 8
}